<record><leader>00000cas a2200000 a 4500</leader><controlfield tag="001">11135050</controlfield><controlfield tag="008">840910d18871889ksuwr ne      0   a0eng d</controlfield><datafield ind1=" " ind2=" " tag="010"><subfield code="a">sn 84029660 </subfield></datafield><datafield ind1=" " ind2=" " tag="040"><subfield code="a">KSH</subfield><subfield code="b">eng</subfield><subfield code="c">KSH</subfield><subfield code="d">NPT</subfield><subfield code="d">OCL</subfield><subfield code="d">OCLCQ</subfield></datafield><datafield ind1=" " ind2=" " tag="042"><subfield code="a">msc</subfield></datafield><datafield ind1="0" ind2="0" tag="245"><subfield code="a">Banner weekly graphic.</subfield></datafield><datafield ind1="3" ind2="0" tag="246"><subfield code="a">Weekly banner-graphic</subfield><subfield code="f">Aug. 10, 1888</subfield></datafield><datafield ind1=" " ind2=" " tag="260"><subfield code="a">Kinsley, Kan. :</subfield><subfield code="b">Lon Beard,</subfield><subfield code="c">1887-1889.</subfield></datafield><datafield ind1=" " ind2=" " tag="300"><subfield code="a">3 v. :</subfield><subfield code="b">ill. ;</subfield><subfield code="c">64 cm.</subfield></datafield><datafield ind1=" " ind2=" " tag="310"><subfield code="a">Weekly</subfield></datafield><datafield ind1="0" ind2=" " tag="362"><subfield code="a">Vol. 10, no. 49 (Sept. 29, 1887)-v. 12, no. 26 (Apr. 19, 1889).</subfield></datafield><datafield ind1=" " ind2=" " tag="500"><subfield code="a">Publisher varies.</subfield></datafield><datafield ind1=" " ind2=" " tag="500"><subfield code="a">"Democratic."</subfield></datafield><datafield ind1=" " ind2=" " tag="525"><subfield code="a">Has occasional supplements.</subfield></datafield><datafield ind1=" " ind2=" " tag="752"><subfield code="a">United States</subfield><subfield code="b">Kansas</subfield><subfield code="c">Edwards</subfield><subfield code="d">Kinsley.</subfield></datafield><datafield ind1="0" ind2="4" tag="780"><subfield code="t">Edwards County banner</subfield><subfield code="w">(DLC)sn 84029658</subfield></datafield><datafield ind1="0" ind2="4" tag="780"><subfield code="t">Kinsley graphic (Kinsley, Kan. : 1883)</subfield><subfield code="w">(DLC)sn 84029683</subfield></datafield><datafield ind1="0" ind2="0" tag="785"><subfield code="t">Kinsley banner-graphic</subfield><subfield code="w">(DLC)sn 84029751</subfield></datafield></record>